<?xml version="1.0" encoding="UTF-8"?><record xmlns="http://www.loc.gov/MARC21/slim" xmlns:cinclude="http://apache.org/cocoon/include/1.0" xmlns:zs="http://www.loc.gov/zing/srw/">
  <leader>00486cz  a2200145n  4500</leader>
  <controlfield tag="001">n  80021137 </controlfield>
  <controlfield tag="003">DLC</controlfield>
  <controlfield tag="005">20090213111539.0</controlfield>
  <controlfield tag="008">800321n| acannaabn          |n aaa      </controlfield>
  <datafield tag="010" ind1=" " ind2=" ">
    <subfield code="a">n  80021137 </subfield>
  </datafield>
  <datafield tag="035" ind1=" " ind2=" ">
    <subfield code="a">(OCoLC)oca00403491</subfield>
  </datafield>
  <datafield tag="040" ind1=" " ind2=" ">
    <subfield code="a">DLC</subfield>
    <subfield code="b">eng</subfield>
    <subfield code="c">DLC</subfield>
    <subfield code="d">DLC</subfield>
    <subfield code="d">OCoLC</subfield>
  </datafield>
  <datafield tag="100" ind1="1" ind2=" ">
    <subfield code="a">Pothier, Bernard</subfield>
  </datafield>
  <datafield tag="670" ind1=" " ind2=" ">
    <subfield code="a">His La maquette de QueĚbec, 1978:</subfield>
    <subfield code="b">t.p. (Bernard Pothier)</subfield>
  </datafield>
  <datafield tag="670" ind1=" " ind2=" ">
    <subfield code="a">LAC authority file, Aug. 30, 2005</subfield>
    <subfield code="b">(hdg.: Pothier, Bernard; full name: Bernard Alexander Pothier; b. 1936)</subfield>
  </datafield>
</record>